https://en.wikipedia.org/wiki/CPUID